%------------------------------- 2005 ------------------------------------------
@book{core_java,
editor      = {Cay S. Horstmann and Gary Cornell},
title       = {Core Java 2. Volume I -- Fundamentals.},
publisher   = {Sun Microsystems Press},
year        = {2005}
}

@inproceedings{winter:GTTSE-2005,
  author    = {Victor Winter and Jason Beranek},
  title     = {Program {T}ransformation {U}sing {HATS} 1.84},
  booktitle = {Generative and Transformational Techniques in Software Engineering (GTTSE)},
  editor    = {Ralf L\"{a}mmel and Jo\H{a}o Saraiva and Joost Visser},
  series    = {LNCS},
  [ib;osjer = {Springer-Verlag},
  volume    = {4143},
  pages     = {378--396},
  year={2006}
}

%------------------------------- 2006 ------------------------------------------

@techreport{kniesel:conditional-transformations,
author      = {Günter Kniesel},
title       = {{A Logic Foundation for Conditional Program Transformations}},
number      = {IAI-TR-2006-1},
institution = {Computer Science Department III, University of Bonn},
note        = {ISSN 0944-8535},
month       = {January},
year        = {2006}
}
